@book{neural-net-nielsen,
    author = {Michael A. Nielsen},
    title = {Neural Network and Deep Learning},
    publisher = {Determination Press},
    year = {2015},
}

@book{genetic-algorithm-mitchell,
    author = {Melanie Mitchell},
    title = {An Introduction to genetic algorithm},
    publisher = {The MIT Press},
    year = {1999},
    isbn = {0−262−13316−4}
}

@book{neural-net-gurney,
    author = {Kevin Gurney},
    title = {An Introduction to Neural Networks},
    year = {1997},
    publisher = {UCL Press},
    isbn = {0-203-45151-1}
}

@article{scikit-learn,
 title={Scikit-learn: Machine Learning in {P}ython},
 author={Pedregosa, F. and Varoquaux, G. and Gramfort, A. and Michel, V.
         and Thirion, B. and Grisel, O. and Blondel, M. and Prettenhofer, P.
         and Weiss, R. and Dubourg, V. and Vanderplas, J. and Passos, A. and
         Cournapeau, D. and Brucher, M. and Perrot, M. and Duchesnay, E.},
 journal={Journal of Machine Learning Research},
 volume={12},
 pages={2825--2830},
 year={2011},
}

@Article{Hunter:2007,
  Author    = {Hunter, J. D.},
  Title     = {Matplotlib: A 2D graphics environment},
  Journal   = {Computing In Science \& Engineering},
  Volume    = {9},
  Number    = {3},
  Pages     = {90--95},
  abstract  = {Matplotlib is a 2D graphics package used for Python
  for application development, interactive scripting, and
  publication-quality image generation across user
  interfaces and operating systems.},
  publisher = {IEEE COMPUTER SOC},
  doi       = {10.1109/MCSE.2007.55},
  year      = 2007
}



